@inproceedings{LiFergusPerona04, 
author={L. Fei-Fei and R. Fergus and Pietro Perona}, 
title={Learning Generative Visual Models From Few Training Examples: An Incremental Bayesian Approach Tested on 101 Object Categories}, 
journal={IEEE CVPR Workshop of Generative Model Based Vision (WGMBV)}, 
year={2004}, 
}

@article{Spatial_Pyramid, title={Beyond Bags of Features: Spatial Pyramid Matching for Recognizing Natural Scene Categories}, url={http://www.cs.unc.edu/~lazebnik/publications/pyramid_chapter.pdf}, DOI={10.1109/CVPR.2006.68}, journal={ 2006 IEEE Computer Society Conference on Computer Vision and Pattern Recognition (CVPR'06)}, author={Svetlana Lazebnik, Cordelia Schmid, Jean Ponce}, year={2006}}

@article{SVM_VC, title={Support Vector Machines for Histogram-Based Image Classification}, url={https://ieeexplore.ieee.org/document/788646}, DOI={10.1109/72.788646}, journal={IEEE Transactions on Neural Networks}, author={Olivier Chapelle, Patrick Haffner, and Vladimir N. Vapnik}, year={1999 }}

@article{DavidG, title={Method and apparatus for identifying scale invariant features in an image and use of same for locating an object in an image}, url={https://www.lens.org/lens/patent/136-823-370-365-066}, author={David G Lowe}, year={2004 }}

@article{grauman2007pyramid,
  title={The pyramid match kernel: Efficient learning with sets of features},
  author={Grauman, Kristen and Darrell, Trevor},
  journal={Journal of Machine Learning Research},
  volume={8},
  number={Apr},
  pages={725--760},
  year={2007}
}
@inproceedings{dalal2005histograms,
  title={Histograms of oriented gradients for human detection},
  author={Dalal, Navneet and Triggs, Bill},
  booktitle={Computer Vision and Pattern Recognition, 2005. CVPR 2005. IEEE Computer Society Conference on},
  volume={1},
  pages={886--893},
  year={2005},
  organization={IEEE}
}


 
@inproceedings{bosch2007representing,
  title={Representing shape with a spatial pyramid kernel},
  author={Bosch, Anna and Zisserman, Andrew and Munoz, Xavier},
  booktitle={Proceedings of the 6th ACM international conference on Image and video retrieval},
  pages={401--408},
  year={2007},
  organization={ACM}
}
@article{lampert2009kernel,
  title={Kernel methods in computer vision},
  author={Lampert, Christoph H and others},
  journal={Foundations and Trends{\textregistered} in Computer Graphics and Vision},
  volume={4},
  number={3},
  pages={193--285},
  year={2009},
  publisher={Now Publishers, Inc.}
}

@article{hsu2003practical,
  title={A practical guide to support vector classification},
  author={Hsu, Chih-Wei and Chang, Chih-Chung and Lin, Chih-Jen and others},
  year={2003},
  publisher={Taipei}
}
@misc{OpenCV,
  title = {{Histogram of Oriented Gradients} Learn OpenCV},
  howpublished = {\url{https://www.learnopencv.com/histogram-of-oriented-gradients/}},
  note = {Accessed: 03-11-2018}
}

@misc{caret,
  title = {The caret Package Documentation},
  howpublished = {\url{http://topepo.github.io/caret/index.html}},
  note = {Accessed: 13-11-2018}
}

@misc{Kernelab,
  title = {Kernelab Package Documentation},
  howpublished = {\url{https://www.rdocumentation.org/packages/kernlab/versions/0.9-27}},
  note = {Accessed: 13-11-2018}
}
